%% This BibTeX bibliography file was created using BibDesk.
%% http://bibdesk.sourceforge.net/


%% Created for BERKOUK Nicolas at 2019-01-02 10:39:19 +0100 


%% Saved with string encoding Unicode (UTF-8) 



@unpublished{BotCra18,
	Author = {Magnus Bakke Botnan and William Crawley-Boevey},
	Date-Added = {2019-01-02 09:34:53 +0000},
	Date-Modified = {2019-01-02 09:39:19 +0000},
	Note = {available at \url{https://arxiv.org/abs/1811.08946}},
	Title = {Decomposition of persistence modules}}

@book{EzrStu05,
	Author = {Ezra Miller, Bernd Sturmfels},
	Date-Added = {2018-12-19 09:42:32 +0000},
	Date-Modified = {2018-12-19 09:43:26 +0000},
	Publisher = {Springer},
	Title = {Combinatorial Commutative Algebra},
	Year = {2005}}

@unpublished{Blum17,
	Author = {Andrew J. Blumberg, Michael Lesnick},
	Date-Added = {2018-12-18 17:34:15 +0000},
	Date-Modified = {2018-12-18 17:36:07 +0000},
	Note = {available at \href{https://arxiv.org/abs/1705.01690}},
	Title = {Universality of the Homotopy Interleaving Distance}}

@article{Chach16,
	Author = {W. Chacholski, M. Scolamiero, F. Vaccarino},
	Date-Added = {2018-12-18 12:13:45 +0000},
	Date-Modified = {2018-12-19 09:31:26 +0000},
	Journal = {Journal of Pure and Applied Algebra},
	Title = {Combinatorial presentation of multidimensional persistent homology},
	Year = {2016}}

@unpublished{KS18,
	Author = {Masaki Kashiwara and Pierre Schapira},
	Date-Added = {2018-09-06 11:44:35 +0000},
	Date-Modified = {2018-09-06 11:58:11 +0000},
	Note = {arXiv preprint at \url{https://arxiv.org/abs/1805.00349}},
	Title = {Piecewise linear sheaves},
	Year = {2018}}

@article{Kuhn09,
	Author = {Harold W. Kuhn},
	Date-Added = {2018-09-05 16:50:02 +0000},
	Date-Modified = {2018-09-05 16:51:52 +0000},
	Journal = {50 Years of Integer Programming 1958-2008},
	Title = {The Hungarian Method for the Assignment Problem},
	Year = {2009}}

@unpublished{BoLe16,
	Author = {Magnus Bakke Botnan, Michael Lesnick},
	Date-Added = {2018-09-05 09:03:57 +0000},
	Date-Modified = {2018-09-05 09:05:30 +0000},
	Note = {arXiv preprint arXiv:1604.00655},
	Title = {Algebraic stability of zigzag persistence modules}}

@article{MB17,
	Author = {Magnus Bakke Botnan},
	Date-Added = {2018-09-05 09:02:36 +0000},
	Date-Modified = {2018-09-05 09:03:53 +0000},
	Journal = {Proceedings of the American Mathematical Society},
	Title = {Interval decomposition of infinite zigzag persistence modules},
	Year = {2017}}

@unpublished{Oppe16,
	Author = {Steffen Oppermann},
	Date-Added = {2018-08-17 15:01:01 +0000},
	Date-Modified = {2018-08-17 15:02:52 +0000},
	Note = {Notes available here : \url{https://folk.ntnu.no/opperman/HomAlg.pdf}},
	Title = {Homological Algebra}}

@article{Harr17,
	Author = {Heather A. Harrington, Nina Otter, Hal Schenck, And Ulrike Tillmann},
	Date-Added = {2018-08-17 12:46:28 +0000},
	Date-Modified = {2018-08-17 13:30:40 +0000},
	Title = {Stratifying Multiparameter Persistent Homology},
	Year = {2017}}

@article{Chac17,
	Author = {Wojciech Chacholski, Martina Scolamiero, Francesco Vaccarino},
	Date-Added = {2018-08-17 12:25:42 +0000},
	Date-Modified = {2018-08-17 12:29:44 +0000},
	Journal = {Journal of Pure and Applied Algebra},
	Pages = {1055-1075},
	Title = {Combinatorial presentation of multidimensional persistent homology},
	Volume = {221},
	Year = {2017}}

@book{Weib94,
	Author = {Charles A. Weibel},
	Date-Added = {2018-07-27 15:37:39 +0000},
	Date-Modified = {2018-07-27 15:38:52 +0000},
	Publisher = {Cambridge University Press},
	Title = {An Introduction To Homological Algebra},
	Year = {1994}}

@book{ChazSilv16,
	Date-Added = {2018-07-16 14:42:02 +0000},
	Date-Modified = {2018-07-16 14:46:22 +0000},
	Publisher = {Springer},
	Title = {The Structure and Stability of Persistence Modules},
	Year = {2016}}

@unpublished{Berk18,
	Author = {Nicolas Berkouk and Gr{\'e}gory Ginot},
	Date-Added = {2018-06-06 09:41:32 +0000},
	Date-Modified = {2018-06-06 09:43:02 +0000},
	Note = {available \href{https://arxiv.org/abs/1805.09694}},
	Title = {A derived isometry theorem for constructible sheaves on $\mathbb{R}$}}

@unpublished{Chaz16,
	Author = {Fred{\'e}ric Chazal and William Crawley-Boevey and Vin De Silva},
	Date-Added = {2018-05-17 15:06:06 +0000},
	Date-Modified = {2018-05-18 11:41:41 +0000},
	Note = {available \href{https://arxiv.org/pdf/1405.5644.pdf}{here}},
	Title = {The Observable Structure of Persistence Modules},
	Year = {2016}}

@article{Pode76,
	Author = {Klaus-Peter Podewski and Karsten Steffens},
	Date-Added = {2018-05-17 10:45:37 +0000},
	Date-Modified = {2018-05-17 10:47:31 +0000},
	Journal = {Journal of Combinatorial Theory},
	Pages = {40-46},
	Title = {lnjective Choice Functions for Countable Families},
	Volume = {21},
	Year = {1976}}

@phdthesis{Botn15,
	Author = {Magnus Botnan},
	Date-Added = {2018-05-17 08:12:51 +0000},
	Date-Modified = {2018-05-17 08:13:42 +0000},
	School = {Norwegian University of Science and Technology, Trondheim},
	Title = {Applications and Generalizations of the Algebraic Stability Theorem},
	Year = {2015}}

@phdthesis{Lesn12,
	Author = {Michael Lesnick},
	Date-Added = {2018-05-17 08:09:09 +0000},
	Date-Modified = {2018-05-17 08:10:12 +0000},
	School = {Stanford University},
	Title = {Multidimensional Interleavings and Applications to Topological Inference},
	Year = {2012}}

@book{Edel10,
	Author = {Herbert Edelsbrunner and John L. Harer},
	Date-Added = {2018-05-16 17:47:42 +0000},
	Date-Modified = {2018-05-16 17:50:37 +0000},
	Publisher = {American Mathematical Society},
	Title = {Computational Topology: An Introduction},
	Year = {2010}}

@article{CO17,
	Author = {J{\'e}r{\'e}my Cochoy and Steve Oudot},
	Date-Added = {2018-05-04 10:38:05 +0000},
	Date-Modified = {2018-05-04 10:42:26 +0000},
	Title = {Decomposition of exact pfd persistence bimodules},
	Year = {2017}}

@unpublished{LW15,
	Author = {Michael Lesnick and Matthew Wright},
	Date-Added = {2018-05-04 09:13:58 +0000},
	Date-Modified = {2018-05-04 09:31:36 +0000},
	Note = {available at \href{https://arxiv.org/pdf/arXiv:1512.00180}{ arXiv:1512.00180}},
	Title = {Interactive Visualization of 2-D Persistence Modules}}

@article{Lesn15,
	Author = {Michael Lesnick},
	Date-Added = {2018-05-04 09:11:46 +0000},
	Date-Modified = {2018-05-04 09:13:38 +0000},
	Journal = {Foundations of Computational Mathematics},
	Title = {The Theory of the Interleaving Distance on Multidimensional Persistence Modules},
	Year = {2015}}

@article{CSEH05,
	Author = {David Cohen-Steiner and Herbert Edelsbrunner and John Harer},
	Date-Added = {2018-05-04 08:33:43 +0000},
	Date-Modified = {2018-05-18 11:42:05 +0000},
	Journal = {Discrete and Computational Geometry},
	Title = {Stability of Persistence Diagrams},
	Year = {2007}}

@conference{CSGG09,
	Author = {F. Chazal and D. C. Steiner and M. Glisse and L. J. Guibas and S. Y. Oudot},
	Booktitle = {Proceedings of the 25th Annual Symposium on Computational Geometry,},
	Date-Added = {2018-05-04 08:33:21 +0000},
	Date-Modified = {2018-05-18 11:42:30 +0000},
	Title = {Proximity of persistence modules and their diagrams},
	Year = {2009}}

@book{Oudo15,
	Author = {Steve Y. Oudot},
	Date-Added = {2018-05-03 13:55:42 +0000},
	Date-Modified = {2018-05-03 13:58:02 +0000},
	Publisher = {American Mathematical Society},
	Title = {Persistence Theory: From Quiver Representations to Data Analysis},
	Year = {2015}}

@article{Craw12,
	Author = {William Crawley-Boevey},
	Date-Added = {2018-05-03 13:33:02 +0000},
	Date-Modified = {2018-05-03 13:33:27 +0000},
	Title = {Decomposition of pointwise finite-dimensional persistence modules},
	Year = {2012}}

@article{Carl09,
	Author = {Gunnar Carlsson and Afra Zomorodian},
	Date-Added = {2018-05-03 13:28:54 +0000},
	Date-Modified = {2018-05-18 11:41:28 +0000},
	Journal = {Discrete and Computational Geometry},
	Title = {The Theory of Multidimensional Persistence},
	Year = {2009}}

@article{Bjer16,
	Author = {H{\aa}vard Bakke Bjerkevik},
	Date-Added = {2018-05-03 13:24:56 +0000},
	Date-Modified = {2018-05-03 13:26:36 +0000},
	Title = {Stability of higher-dimensional interval decomposable persistence modules},
	Year = {2016}}

@article{Ezr17,
	Author = {Ezra Miller},
	Date-Added = {2018-05-03 13:22:58 +0000},
	Date-Modified = {2018-05-03 13:24:42 +0000},
	Title = {Data structures for real multiparameter persistence modules},
	Year = {2017}}

@phdthesis{Curr14,
	Author = {Justin Curry},
	Date-Added = {2018-05-03 08:40:51 +0000},
	Date-Modified = {2018-05-03 08:42:43 +0000},
	Title = {Sheaves, Cosheaves and Applications},
	Year = {2014}}

@book{Kash90,
	Author = {Masaki Kashiwara and Pierre Schapira},
	Date-Added = {2018-05-03 08:37:52 +0000},
	Date-Modified = {2018-05-18 11:43:03 +0000},
	Publisher = {Springer},
	Title = {Sheaves on Manifolds},
	Year = {1990}}

@article{Baue15,
	Author = {Ulrich Bauer and Michael Lesnick},
	Date-Added = {2018-05-03 08:35:07 +0000},
	Date-Modified = {2018-05-18 11:41:09 +0000},
	Journal = {Journal of Computational Geometry},
	Title = {Induced Matchings and the Algebraic Stability of Persistence Barcodes},
	Year = {2015}}

@article{Kash18,
	Author = {Masaki Kashiwara and Pierre Schapira},
	Date-Added = {2018-05-03 08:25:42 +0000},
	Date-Modified = {2018-05-18 11:42:52 +0000},
	Journal = {Journal of Applied and Computational Topology},
	Title = {Persistent homology and microlocal sheaf theory},
	Year = {2018}}
